@misc{wiki:giaoduc,
  author = {Wikipedia Tiếng Việt},
  title = {{Giáo dục}},
  howpublished = "\url{https://vi.wikipedia.org/wiki/Gi%C3%A1o_d%E1%BB%A5c}",
  note = "[Online; accessed 03-May-2018]"
}

@misc{bworld,
	author = {Ingo Lütkebohle},
	title = {{BWorld Robot Control Software}},
	howpublished = "\url{http://aiweb.techfak.uni-bielefeld.de/content/bworld-robot-control-software/}",
	year = {2008}, 
	note = "[Online; accessed 19-July-2008]"
}
@misc{wiki:android,
	author = {Wikipedia Tiếng Việt},
	title =  {{Android (hệ điều hành)}},
	howpublished = "\url{https://vi.wikipedia.org/wiki/Android_(h%E1%BB%87_%C4%91i%E1%BB%81u_h%C3%A0nh)}",
	note = "[Online, accessed 30-May-2018]
}

@misc{android:thongke1,
	author = {Infographic Tinh Tế},
	title =  {{Sự bùng nổ của Android}},
	howpublished = "\url{https://tinhte.vn/threads/infographic-su-bung-no-cua-smartphone.2270602/}",
	note = "[Online, accessed 30-May-2018]
}

@misc{android:thongke_ngdungsmartphone,
	author = {Statista},
	title =  {{Number of smartphone users worldwide from 2014 to 2020 (in billions)}},
	howpublished = "\url{https://www.statista.com/statistics/330695/number-of-smartphone-users-worldwide/}",
	note = "[Online, accessed 30-May-2018]
}

@misc{android:thongke_thiphansmartphone,
	author = {IDC},
	title =  {{Smartphone market share}},
	howpublished = "\url{https://www.idc.com/promo/smartphone-market-share/os}",
	note = "[Online, accessed 30-May-2018]
}

@misc{android:googlestore,
	author = {AppBrain},
	title = {{Number of Android Applications}},
	howpublished = "\url{https://www.appbrain.com/stats/stats-index}",
	note = "[Online, accessed 30-May-2018]
}

https://www.statista.com/statistics/266210/number-of-available-applications-in-the-google-play-store/

